% Encoding: UTF-8

@Misc{Bodin2007,
  author        = {Bodin, William Kress and Redman, Jesse and Thorson, Derral Charles},
  title         = {Navigating a UAV with obstacle avoidance algorithms},
  month         = jun #{~5},
  year          = {2007},
  note          = {US Patent 7,228,232},
  __markedentry = {[H172461:6]},
  publisher     = {Google Patents},
}

@Misc{KennedyJr1995,
  author        = {Kennedy Jr, Thomas W and Fenstermaker, Donald F},
  title         = {Resolution advisory display instrument for TCAS guidance},
  month         = jan #{~17},
  year          = {1995},
  note          = {US Patent 5,382,954},
  __markedentry = {[H172461:6]},
  publisher     = {Google Patents},
}

@Misc{Blaskovich2007,
  author        = {Blaskovich, Jon A and McCauley, Stephen G},
  title         = {Declutter of graphical TCAS targets to improve situational awareness},
  month         = dec #{~11},
  year          = {2007},
  note          = {US Patent 7,307,578},
  __markedentry = {[H172461:6]},
  publisher     = {Google Patents},
}

@Misc{url:kickstarter:lidar,
  author       = {Kickstarter},
  title        = {Low cost LiDAR for UAV},
  howpublished = {\url{https://www.kickstarter.com/projects/scanse/sweep-scanning-lidar/description}},
  year         = {2016 (accessed May 7, 2016)},
}

@InCollection{daws1996tool,
  author    = {Daws, Conrado and Olivero, Alfredo and Tripakis, Stavros and Yovine, Sergio},
  title     = {The tool KRONOS},
  booktitle = {Hybrid Systems III},
  publisher = {Springer},
  year      = {1996},
  pages     = {208--219},
}

@Article{henzinger1994symbolic,
  author    = {Henzinger, Thomas A and Nicollin, Xavier and Sifakis, Joseph and Yovine, Sergio},
  title     = {Symbolic model checking for real-time systems},
  journal   = {Information and computation},
  year      = {1994},
  volume    = {111},
  number    = {2},
  pages     = {193--244},
  publisher = {Elsevier},
}

@InProceedings{henzinger1995hytech,
  author       = {Henzinger, Thomas A and Ho, Pei-Hsin and Wong-Toi, Howard},
  title        = {HyTech: the next generation},
  booktitle    = {Real-Time Systems Symposium, 1995. Proceedings., 16th IEEE},
  year         = {1995},
  pages        = {56--65},
  organization = {IEEE},
}

@Article{leitmann1982optimality,
  author    = {Leitmann, G},
  title     = {Optimality and reachability via feedback controls},
  journal   = {Dynamic systems and mycrophysics},
  year      = {1982},
  pages     = {119--141},
  publisher = {Academic Press: NY},
}

@Article{pontryagin1962ef,
  author  = {Pontryagin, LS and Boltyanskii, VG and Gamkrelidze, RV},
  title   = {EF Mischenko The Mathematical Theory of Optimal Processes (English translation by K. N. Trirogoff)},
  journal = {Interscience, New York},
  year    = {1962},
}

@Book{girsanov2012lectures,
  title     = {Lectures on mathematical theory of extremum problems},
  publisher = {Springer Science \& Business Media},
  year      = {2012},
  author    = {Girsanov, Igor Vladimirovich},
  volume    = {67},
}

@Book{bardi2008optimal,
  title     = {Optimal control and viscosity solutions of Hamilton-Jacobi-Bellman equations},
  publisher = {Springer Science \& Business Media},
  year      = {2008},
  author    = {Bardi, Martino and Capuzzo-Dolcetta, Italo},
}

@Book{lee2011structure,
  title     = {Structure and interpretation of signals and systems},
  publisher = {Lee \& Seshia},
  year      = {2011},
  author    = {Lee, Edward A},
}

@Book{game1987,
  title     = {Game-theoretical control problems},
  publisher = {Springer-Verlag New York, Inc.},
  year      = {1987},
  author    = {Krasovskij, Nikolai Nikolaevich and Subbotin, Andrei Izmailovich and Kotz, Samuel},
}

@Misc{game1988,
  author    = {Krasovskii, NN and Subbotin, AI},
  title     = {Game-theoretical control problems. Translated from the Russian by Samuel Kotz},
  year      = {1988},
  publisher = {Springer Series in Soviet Mathematics. Springer-Verlag, New York},
}

@Article{martin2011meteorological,
  author    = {Martin, S and Bange, J and Beyrich, F},
  title     = {Meteorological profiling of the lower troposphere using the research UAV" M 2 AV Carolo"},
  journal   = {Atmospheric Measurement Techniques},
  year      = {2011},
  volume    = {4},
  number    = {4},
  pages     = {705--716},
  publisher = {Copernicus GmbH},
}

@Article{sabatini2014lidar,
  author    = {Sabatini, Roberto and Gardi, Alessandro and Richardson, Mark A},
  title     = {LIDAR obstacle warning and avoidance system for unmanned aircraft},
  journal   = {International Journal of Mechanical, Aerospace, Industrial and Mechatronics Engineering},
  year      = {2014},
  volume    = {8},
  number    = {4},
  pages     = {702--713},
  publisher = {World Academy of Science, Engineering and Technology},
}

@Article{chen2007airborne,
  author    = {Chen, Qi},
  title     = {Airborne lidar data processing and information extraction},
  journal   = {Photogrammetric engineering and remote sensing},
  year      = {2007},
  volume    = {73},
  number    = {2},
  pages     = {109},
  publisher = {ASPRS AMERICAN SOCIETY FOR PHOTOGRAMMETRY AND},
}

@InProceedings{yapo2008probabilistic,
  author       = {Yapo, Theodore C and Stewart, Charles V and Radke, Richard J},
  title        = {A probabilistic representation of LiDAR range data for efficient 3D object detection},
  booktitle    = {Computer Vision and Pattern Recognition Workshops, 2008. CVPRW'08. IEEE Computer Society Conference on},
  year         = {2008},
  pages        = {1--8},
  organization = {IEEE},
}

@Article{fitzgibbon1999direct,
  author    = {Fitzgibbon, Andrew and Pilu, Maurizio and Fisher, Robert B},
  title     = {Direct least square fitting of ellipses},
  journal   = {Pattern Analysis and Machine Intelligence, IEEE Transactions on},
  year      = {1999},
  volume    = {21},
  number    = {5},
  pages     = {476--480},
  publisher = {IEEE},
}

@InProceedings{cunha2003dynamic,
  author    = {Cunha, Rita and Silvestre, Carlos},
  title     = {Dynamic modeling and stability analysis of model-scale helicopters with bell-hiller stabilizing bar},
  booktitle = {AIAA Guidance, Navigation, and Control Conference},
  year      = {2003},
}

@Article{altamimi2002itrf2000,
  author    = {Altamimi, Zuheir and Sillard, Patrick and Boucher, Claude},
  title     = {ITRF2000: A new release of the International Terrestrial Reference Frame for earth science applications},
  journal   = {Journal of Geophysical Research: Solid Earth},
  year      = {2002},
  volume    = {107},
  number    = {B10},
  publisher = {Wiley Online Library},
}

@Misc{arcgis01,
  title        = {ArcGis INC - LiDAR data representation},
  howpublished = {\url{http://desktop.arcgis.com/en/arcmap/10.3/manage-data/raster-and-images/what-is-raster-data.htm}},
  note         = {Accessed: 2016-05-30},
}

@Misc{jarus2016regulations,
  title        = {{JARUS} regulations},
  howpublished = {\url{http://jarus-rpas.org/regulations}},
  note         = {Accessed: 2016-05-30},
}

@Article{field1988laplacian,
  author    = {Field, David A},
  title     = {Laplacian smoothing and Delaunay triangulations},
  journal   = {Communications in applied numerical methods},
  year      = {1988},
  volume    = {4},
  number    = {6},
  pages     = {709--712},
  publisher = {Wiley Online Library},
}

@InProceedings{tarsha2007hough,
  author    = {Tarsha-Kurdi, Fayez and Landes, Tania and Grussenmeyer, Pierre and others},
  title     = {Hough-transform and extended ransac algorithms for automatic detection of 3d building roof planes from lidar data},
  booktitle = {Proceedings of the ISPRS Workshop on Laser Scanning},
  year      = {2007},
  volume    = {36},
  pages     = {407--412},
}

@InProceedings{carr2001reconstruction,
  author       = {Carr, Jonathan C and Beatson, Richard K and Cherrie, Jon B and Mitchell, Tim J and Fright, W Richard and McCallum, Bruce C and Evans, Tim R},
  title        = {Reconstruction and representation of 3D objects with radial basis functions},
  booktitle    = {Proceedings of the 28th annual conference on Computer graphics and interactive techniques},
  year         = {2001},
  pages        = {67--76},
  organization = {ACM},
}

@InProceedings{rusu2009close,
  author       = {Rusu, Radu Bogdan and Blodow, Nico and Marton, Zoltan Csaba and Beetz, Michael},
  title        = {Close-range scene segmentation and reconstruction of 3D point cloud maps for mobile manipulation in domestic environments},
  booktitle    = {2009 IEEE/RSJ International Conference on Intelligent Robots and Systems},
  year         = {2009},
  pages        = {1--6},
  organization = {IEEE},
}

@Article{hebecker2015model,
  author    = {Hebecker, Tanja and Buchholz, Robert and Ortmeier, Frank},
  title     = {Model-Based Local Path Planning for UAVs},
  journal   = {Journal of Intelligent \& Robotic Systems},
  year      = {2015},
  volume    = {78},
  number    = {1},
  pages     = {127--142},
  publisher = {Springer},
}

@InCollection{adolf2009unmanned,
  author    = {Adolf, Florian and Andert, Franz and Lorenz, Sven and Goormann, Lukas and Dittrich, J{\"o}rg},
  title     = {An unmanned helicopter for autonomous flights in urban terrain},
  booktitle = {Advances in Robotics Research},
  publisher = {Springer},
  year      = {2009},
  pages     = {275--285},
}

@Article{meier2012pixhawk,
  author    = {Meier, Lorenz and Tanskanen, Petri and Heng, Lionel and Lee, Gim Hee and Fraundorfer, Friedrich and Pollefeys, Marc},
  title     = {PIXHAWK: A micro aerial vehicle design for autonomous flight using onboard computer vision},
  journal   = {Autonomous Robots},
  year      = {2012},
  volume    = {33},
  number    = {1-2},
  pages     = {21--39},
  publisher = {Springer},
}

@InProceedings{bekris2010avoiding,
  author    = {Bekris, Kostas E},
  title     = {Avoiding inevitable collision states: Safety and computational efficiency in replanning with sampling-based algorithms},
  booktitle = {Workshop on Guaranteeing Safe Navigation in Dynamic Environments. In: International Conference on Robotics and Automation (ICRA-10)},
  year      = {2010},
}

@InCollection{gros2011motion,
  author    = {Gros, Michael and Niendorf, Moritz and Sch{\"o}ttl, Alfred and Fichter, Walter},
  title     = {Motion planning for a fixed-wing MAV Incorporating closed-loop dynamics motion primitives and safety maneuvers},
  booktitle = {Advances in Aerospace Guidance, Navigation and Control},
  publisher = {Springer},
  year      = {2011},
  pages     = {247--260},
}

@Book{lavalle2006planning,
  title     = {Planning algorithms},
  publisher = {Cambridge university press},
  year      = {2006},
  author    = {LaValle, Steven M},
}

@InProceedings{muraru2011critical,
  author    = {Muraru, Adrian},
  title     = {A Critical Analysis of Sense and Avoid Technologies for Modern UAVs},
  booktitle = {Mechanical, Industrial, and Manufacturing Engineering--Proceedings of 2011 International Conference on Mechanical, Industrial, and Manufacturing Engineering (MIME 2011)},
  year      = {2011},
}

@Article{lai2012see,
  author  = {Lai, John and Ford, Jason J and Mejias, Luis and O'Shea, Peter and Walker, Rod},
  title   = {See and Avoid Using Onboard Computer Vision},
  journal = {Sense and Avoid in UAS Research and Applications, Plamen Angelov (ed.), John Wiley and Sons, West Sussex, UK},
  year    = {2012},
}

@InProceedings{kochenderfer2008encounter,
  author       = {Kochenderfer, Mykel J and Espindle, Leo P and Griffith, J Daniel and Kuchar, James K},
  title        = {Encounter modeling for sense and avoid development},
  booktitle    = {2008 Integrated Communications, Navigation and Surveillance Conference},
  year         = {2008},
  pages        = {1--10},
  organization = {IEEE},
}

@InProceedings{sabatini2010airborne,
  author    = {Sabatini, R and Richardson, MA},
  title     = {Airborne Laser Systems Testing, Safety Analysis, Modelling and Simulation},
  booktitle = {21st Annual Symposium of the Society of Flight Test Engineers-European Chapter, Vergiate (VA), Italy},
  year      = {2010},
}

@Article{prevost2011uav,
  author    = {Pr{\'e}vost, Carole G and Desbiens, Andr{\'e} and Gagnon, Eric and Hodouin, Daniel},
  title     = {UAV Optimal Obstacle Avoidance while Respecting Target Arrival Specifications},
  journal   = {IFAC Proceedings Volumes},
  year      = {2011},
  volume    = {44},
  number    = {1},
  pages     = {11815--11820},
  publisher = {Elsevier},
}

@InProceedings{lai2011board,
  author       = {Lai, Chi-Kin and Lone, Mudassir and Thomas, Peter and Whidborne, James and Cooke, Alastair},
  title        = {On-board trajectory generation for collision avoidance in unmanned aerial vehicles},
  booktitle    = {Aerospace Conference, 2011 IEEE},
  year         = {2011},
  pages        = {1--14},
  organization = {IEEE},
}

@InProceedings{lai2011real,
  author    = {Lai, Chi Kin and Whidborne, James},
  title     = {Real-time trajectory generation for collision avoidance with obstacle uncertainty},
  booktitle = {AIAA Guidance, Navigation and Control Conference, AIAA},
  year      = {2011},
  volume    = {6598},
}

@InProceedings{cornic2011sense,
  author       = {Cornic, Pascal and Garrec, Patrick and Kemkemian, Stephane and Ratton, Laurent},
  title        = {Sense and avoid radar using Data Fusion with other sensors},
  booktitle    = {Aerospace Conference, 2011 IEEE},
  year         = {2011},
  pages        = {1--14},
  organization = {IEEE},
}

@Article{sabatini2013low,
  author    = {Sabatini, Roberto and Ramasamy, Subramanian and Gardi, Alessandro and Salazar, Leopoldo Rodriguez},
  title     = {Low-cost sensors data fusion for small size unmanned aerial vehicles navigation and guidance},
  journal   = {International Journal of Unmanned Systems Engineering.},
  year      = {2013},
  volume    = {1},
  number    = {3},
  pages     = {16},
  publisher = {Unmanned Vehicle University},
}

@Article{sabatini2014navigation,
  author  = {Sabatini, Roberto and Bartel, Celia and Kaharkar, Anish and Shaid, Tesheen and Ramasamy, Subramanian},
  title   = {Navigation and guidance system architectures for small unmanned aircraft applications},
  journal = {International Journal of Mechanical, Industrial Science and Engineering},
  year    = {2014},
  volume  = {8},
  number  = {4},
  pages   = {733--752},
}

@InProceedings{pinto2013lsts,
  author       = {Pinto, Jos{\'e} and Dias, Paulo S and Martins, Ricardo and Fortuna, Joao and Marques, Eduardo and Sousa, Joao},
  title        = {The LSTS toolchain for networked vehicle systems},
  booktitle    = {OCEANS-Bergen, 2013 MTS/IEEE},
  year         = {2013},
  pages        = {1--9},
  organization = {IEEE},
}

@InProceedings{meyer2012comprehensive,
  author       = {Meyer, Johannes and Sendobry, Alexander and Kohlbrecher, Stefan and Klingauf, Uwe and Von Stryk, Oskar},
  title        = {Comprehensive simulation of quadrotor uavs using ros and gazebo},
  booktitle    = {International Conference on Simulation, Modeling, and Programming for Autonomous Robots},
  year         = {2012},
  pages        = {400--411},
  organization = {Springer},
}

@Article{sabatini2013novel,
  author  = {Sabatini, Roberto and Moore, Terry and Hill, Chris},
  title   = {A novel GNSS integrity augmentation system for civil and military aircraft},
  journal = {International Journal of Mechanical, Industrial Science and Engineering},
  year    = {2013},
  volume  = {7},
  number  = {12},
  pages   = {1433--1449},
}

@Article{sabatini2013new1,
  author    = {Sabatini, Roberto and Moore, Terry and Hill, Chris},
  title     = {A New Avionics-Based GNSS Integrity Augmentation System: Part 1--Fundamentals},
  journal   = {Journal of Navigation},
  year      = {2013},
  volume    = {66},
  number    = {03},
  pages     = {363--384},
  publisher = {Cambridge Univ Press},
}

@Article{sabatini2013new2,
  author    = {Sabatini, Roberto and Moore, Terry and Hill, Chris},
  title     = {A new avionics-based GNSS integrity augmentation system: Part 2--Integrity flags},
  journal   = {Journal of Navigation},
  year      = {2013},
  volume    = {66},
  number    = {04},
  pages     = {501--522},
  publisher = {Cambridge Univ Press},
}

@InProceedings{skulstad2015net,
  author       = {Skulstad, Robert and Syversen, Christoffer Lie and Merz, Mariann and Sokolova, Nadezda and Fossen, Thor I and Johansen, Tor A},
  title        = {Net recovery of UAV with single-frequency RTK GPS},
  booktitle    = {2015 IEEE Aerospace Conference},
  year         = {2015},
  pages        = {1--10},
  organization = {IEEE},
}

@Article{skulstad2015autonomous,
  author    = {Skulstad, Robert and Syversen, Christoffer and Merz, Mariann and Sokolova, Nadezda and Fossen, Thor and Johansen, Tor},
  title     = {Autonomous net recovery of fixed-wing uav with single-frequency carrier-phase differential gnss},
  journal   = {IEEE Aerospace and Electronic Systems Magazine},
  year      = {2015},
  volume    = {30},
  number    = {5},
  pages     = {18--27},
  publisher = {IEEE},
}

@Article{spriesterbach2013unmanned,
  author  = {Spriesterbach, Thomas P and Bruns, Kelly A and Baron, Lauren I and Sohlke, Jason E},
  title   = {Unmanned Aircraft System Airspace Integration in the National Airspace Using a Ground-Based Sense and Avoid System},
  journal = {Johns Hopkins APL Technical Digest},
  year    = {2013},
  volume  = {32},
  number  = {3},
  pages   = {572--583},
}

@Book{butcher1987numerical,
  title     = {The numerical analysis of ordinary differential equations: Runge-Kutta and general linear methods},
  publisher = {Wiley-Interscience},
  year      = {1987},
  author    = {Butcher, John Charles},
}

@Article{shampine1997matlab,
  author    = {Shampine, Lawrence F and Reichelt, Mark W},
  title     = {The matlab ode suite},
  journal   = {SIAM journal on scientific computing},
  year      = {1997},
  volume    = {18},
  number    = {1},
  pages     = {1--22},
  publisher = {SIAM},
}

@InProceedings{pinto2006neptus,
  author    = {Pinto, Jos{\'e} Queir{\'o}s and Dias, Paulo Sousa and Gon{\c{c}}alves, Rui and Gon{\c{c}}alves, Gil Manuel and Sousa, Jo{\~a}o Tasso de Figueiredo Borges and Pereira, Fernando Lobo and others},
  title     = {Neptus a framework to support a mission life cycle},
  booktitle = {Proceedings of the 7th Conference on Manoeuvring and Control of Marine Craft},
  year      = {2006},
}

@InProceedings{martins2009imc,
  author       = {Martins, Ricardo and Dias, Paulo Sousa and Marques, Eduardo RB and Pinto, Jos{\'e} and Sousa, Joao B and Pereira, Fernando L},
  title        = {IMC: A communication protocol for networked vehicles and sensors},
  booktitle    = {Oceans 2009-Europe},
  year         = {2009},
  pages        = {1--6},
  organization = {IEEE},
}

@InProceedings{merani2011underwater,
  author       = {Merani, Diego and Berni, Alessandro and Potter, John and Martins, Ricardo},
  title        = {An underwater convergence layer for disruption tolerant networking},
  booktitle    = {Internet Communications (BCFIC Riga), 2011 Baltic Congress on Future},
  year         = {2011},
  pages        = {103--108},
  organization = {IEEE},
}

@InCollection{rajan2013towards,
  author    = {Rajan, Kanna and Py, Fr{\'e}d{\'e}ric and Barreiro, Javier},
  title     = {Towards deliberative control in marine robotics},
  booktitle = {Marine Robot Autonomy},
  publisher = {Springer},
  year      = {2013},
  pages     = {91--175},
}

@InProceedings{gardi20134,
  author    = {Gardi, Alessandro and Sabatini, Roberto and Ramasamy, Subramanian and de Ridder, Kathryn},
  title     = {4-Dimensional Trajectory negotiation and validation system for the next generation air traffic management},
  booktitle = {proceedings of AIAA Guidance, Navigation, and Control Conference (GNC 2013), Boston, MA, USA},
  year      = {2013},
}

@InProceedings{ramasamy2013novel,
  author    = {Ramasamy, Subramanian and Sabatini, Roberto and Gardi, A and Liu, Yifang},
  title     = {Novel flight management system for real-time 4-dimensional trajectory based operations},
  booktitle = {proceedings of AIAA Guidance, Navigation, and Control Conference},
  year      = {2013},
}

@InProceedings{ramasamy2014towards,
  author    = {Ramasamy, Subramanian and Sabatini, Roberto and Gardi, Alessandro},
  title     = {Towards a unified approach to cooperative and non-cooperative RPAS detect-and-avoid},
  booktitle = {Fourth Australasian Unmanned Systems Conference},
  year      = {2014},
}

@InProceedings{burston2014reverse,
  author       = {Burston, Martin and Sabatini, Roberto and Gardi, Alessandro and Clothier, Reece},
  title        = {Reverse engineering of a fixed wing Unmanned Aircraft 6-DoF model based on laser scanner measurements},
  booktitle    = {Metrology for Aerospace (MetroAeroSpace), 2014 IEEE},
  year         = {2014},
  pages        = {144--149},
  organization = {IEEE},
}

@InProceedings{kurzhanskii2002optimization,
  author    = {Kurzhanskii, Alexander B. and Varaiya, Pravin},
  title     = {Optimization methods for target problems of control},
  booktitle = {Proceedings of Mathematical Theory of Networks and Systems Conference},
  year      = {2002},
}

@Article{kurzhanski2001dynamic,
  author    = {Kurzhanski, Alexander B. and Varaiya, Pravin},
  title     = {Dynamic optimization for reachability problems},
  journal   = {Journal of Optimization Theory and Applications},
  year      = {2001},
  volume    = {108},
  number    = {2},
  pages     = {227--251},
  publisher = {Springer},
}

@InProceedings{sethian2002ordered,
  author       = {Sethian, James A and Vladimirsky, Alexander},
  title        = {Ordered upwind methods for hybrid control},
  booktitle    = {International Workshop on Hybrid Systems: Computation and Control},
  year         = {2002},
  pages        = {393--406},
  organization = {Springer},
}

@InProceedings{tabuada2001feasible,
  author       = {Tabuada, Paulo and Pappas, George J and Lima, Pedro},
  title        = {Feasible formations of multi-agent systems},
  booktitle    = {American Control Conference, 2001. Proceedings of the 2001},
  year         = {2001},
  volume       = {1},
  pages        = {56--61},
  organization = {IEEE},
}

@Article{tomlin2000game,
  author    = {Tomlin, Claire J and Lygeros, John and Sastry, S Shankar},
  title     = {A game theoretic approach to controller design for hybrid systems},
  journal   = {Proceedings of the IEEE},
  year      = {2000},
  volume    = {88},
  number    = {7},
  pages     = {949--970},
  publisher = {IEEE},
}

@InCollection{varaiya2000reach,
  author    = {Varaiya, Pravin},
  title     = {Reach set computation using optimal control},
  booktitle = {Verification of Digital and Hybrid Systems},
  publisher = {Springer},
  year      = {2000},
  pages     = {323--331},
}

@InProceedings{prandini2008application,
  author       = {Prandini, Maria and Hu, Jianghai},
  title        = {Application of reachability analysis for stochastic hybrid systems to aircraft conflict prediction},
  booktitle    = {Decision and Control, 2008. CDC 2008. 47th IEEE Conference on},
  year         = {2008},
  pages        = {4036--4041},
  organization = {IEEE},
}

@Article{tsitsiklis1995efficient,
  author    = {Tsitsiklis, John N},
  title     = {Efficient algorithms for globally optimal trajectories},
  journal   = {IEEE Transactions on Automatic Control},
  year      = {1995},
  volume    = {40},
  number    = {9},
  pages     = {1528--1538},
  publisher = {IEEE},
}

@Misc{allesandeti2016virtualArena,
  title        = {Virtual arena MPC framework for advanced UAV-UAS simulations},
  howpublished = {\url{https://github.com/andreaalessandretti/VirtualArena}},
  note         = {Accessed: 2016-05-30},
}

@Article{alessandrettinotes,
  author = {Alessandretti, Andrea},
  title  = {Notes on Trajectory-tracking and Path-following Controllers for Constrained Underactuated Vehicles using Model Predictive Control},
}

@InProceedings{alessandretti2013trajectory,
  author    = {Alessandretti, Andrea and Aguiar, A Pedro and Jones, Colin},
  title     = {Trajectory-tracking and path-following controllers for constrained underactuated vehicles using Model Predictive Control},
  booktitle = {European Control Conference 2013},
  year      = {2013},
  number    = {EPFL-CONF-186264},
}

@InProceedings{aguiar2003position,
  author       = {Aguiar, A Pedro and Hespanha, Joao P},
  title        = {Position tracking of underactuated vehicles},
  booktitle    = {American Control Conference, 2003. Proceedings of the 2003},
  year         = {2003},
  volume       = {3},
  pages        = {1988--1993},
  organization = {IEEE},
}

@Article{euler1775formulae,
  author  = {Euler, Leonhard},
  title   = {Formulae generales pro translatione quacunque corporum rigidorum},
  journal = {Novi Acad. Sci. Petrop},
  year    = {1775},
  volume  = {20},
  pages   = {189--207},
}

@Book{schaub2003analytical,
  title     = {Analytical mechanics of space systems},
  publisher = {Aiaa},
  year      = {2003},
  author    = {Schaub, Hanspeter and Junkins, John L},
}

@Misc{kramer1977gyro,
  author    = {Kramer, Manuel and Dapprich, Douglas J},
  title     = {Gyro stabilized inertial reference system with gimbal lock prevention means},
  month     = oct #{~4},
  year      = {1977},
  note      = {US Patent 4,052,654},
  publisher = {Google Patents},
}

@Book{stevens2015aircraft,
  title     = {Aircraft Control and Simulation: Dynamics, Controls Design, and Autonomous Systems},
  publisher = {John Wiley \& Sons},
  year      = {2015},
  author    = {Stevens, Brian L and Lewis, Frank L and Johnson, Eric N},
}

@Article{goerzen2010survey,
  author    = {Goerzen, Chad and Kong, Zhaodan and Mettler, Bernard},
  title     = {A survey of motion planning algorithms from the perspective of autonomous UAV guidance},
  journal   = {Journal of Intelligent and Robotic Systems},
  year      = {2010},
  volume    = {57},
  number    = {1-4},
  pages     = {65--100},
  publisher = {Springer},
}

@Book{sommerville2016analytical,
  title     = {Analytical geometry of three dimensions},
  publisher = {Cambridge University Press},
  year      = {2016},
  author    = {Sommerville, Duncan Mclaren Young},
}

@InProceedings{shamos1975closest,
  author       = {Shamos, Michael Ian and Hoey, Dan},
  title        = {Closest-point problems},
  booktitle    = {Foundations of Computer Science, 1975., 16th Annual Symposium on},
  year         = {1975},
  pages        = {151--162},
  organization = {IEEE},
}

@Article{bentley1980optimal,
  author    = {Bentley, Jon Louis and Weide, Bruce W and Yao, Andrew C},
  title     = {Optimal expected-time algorithms for closest point problems},
  journal   = {ACM Transactions on Mathematical Software (TOMS)},
  year      = {1980},
  volume    = {6},
  number    = {4},
  pages     = {563--580},
  publisher = {ACM},
}

@Article{borenstein1991vector,
  author    = {Borenstein, Johann and Koren, Yoram},
  title     = {The vector field histogram-fast obstacle avoidance for mobile robots},
  journal   = {IEEE Transactions on Robotics and Automation},
  year      = {1991},
  volume    = {7},
  number    = {3},
  pages     = {278--288},
  publisher = {IEEE},
}

@InProceedings{koren1991potential,
  author       = {Koren, Yoram and Borenstein, Johann},
  title        = {Potential field methods and their inherent limitations for mobile robot navigation},
  booktitle    = {Robotics and Automation, 1991. Proceedings., 1991 IEEE International Conference on},
  year         = {1991},
  pages        = {1398--1404},
  organization = {IEEE},
}

@InProceedings{oberkampf1993iterative,
  author       = {Oberkampf, Denis and DeMenthon, Daniel F and Davis, Larry S},
  title        = {Iterative pose estimation using coplanar points},
  booktitle    = {Computer Vision and Pattern Recognition, 1993. Proceedings CVPR'93., 1993 IEEE Computer Society Conference on},
  year         = {1993},
  pages        = {626--627},
  organization = {IEEE},
}

@InProceedings{zaiane2002clustering,
  author       = {Za{\"\i}ane, Osmar R and Lee, Chi-Hoon},
  title        = {Clustering spatial data when facing physical constraints},
  booktitle    = {Data Mining, 2002. ICDM 2003. Proceedings. 2002 IEEE International Conference on},
  year         = {2002},
  pages        = {737--740},
  organization = {IEEE},
}

@Article{esposito1997comparative,
  author    = {Esposito, Floriana and Malerba, Donato and Semeraro, Giovanni and Kay, J},
  title     = {A comparative analysis of methods for pruning decision trees},
  journal   = {IEEE transactions on pattern analysis and machine intelligence},
  year      = {1997},
  volume    = {19},
  number    = {5},
  pages     = {476--491},
  publisher = {IEEE},
}

@Book{hill1996object,
  title     = {Object-oriented analysis and simulation},
  publisher = {Addison-Wesley Longman Publishing Co., Inc.},
  year      = {1996},
  author    = {Hill, David R and others},
}

@InProceedings{kuffner2000rrt,
  author       = {Kuffner, James J and LaValle, Steven M},
  title        = {RRT-connect: An efficient approach to single-query path planning},
  booktitle    = {Robotics and Automation, 2000. Proceedings. ICRA'00. IEEE International Conference on},
  year         = {2000},
  volume       = {2},
  pages        = {995--1001},
  organization = {IEEE},
}

@InProceedings{benjamin2006navigation,
  author       = {Benjamin, Michael R and Curcio, Joseph A and Leonard, John J and Newman, Paul M},
  title        = {Navigation of unmanned marine vehicles in accordance with the rules of the road},
  booktitle    = {Robotics and Automation, 2006. ICRA 2006. Proceedings 2006 IEEE International Conference on},
  year         = {2006},
  pages        = {3581--3587},
  organization = {IEEE},
}

@Misc{chey1986vehicle,
  author    = {Chey, Young H},
  title     = {Vehicle detection and collision avoidance apparatus},
  month     = dec #{~2},
  year      = {1986},
  note      = {US Patent 4,626,850},
  publisher = {Google Patents},
}

@Article{fiorini1998motion,
  author    = {Fiorini, Paolo and Shiller, Zvi},
  title     = {Motion planning in dynamic environments using velocity obstacles},
  journal   = {The International Journal of Robotics Research},
  year      = {1998},
  volume    = {17},
  number    = {7},
  pages     = {760--772},
  publisher = {Sage Publications Sage CA: Thousand Oaks, CA},
}

@InProceedings{bortoff2000path,
  author       = {Bortoff, Scott A},
  title        = {Path planning for UAVs},
  booktitle    = {American Control Conference, 2000. Proceedings of the 2000},
  year         = {2000},
  volume       = {1},
  pages        = {364--368},
  organization = {IEEE},
}

@Article{ma2007improved,
  author  = {Ma, Guanjun and Duan, Haibin and Liu, Senqi},
  title   = {Improved ant colony algorithm for global optimal trajectory planning of UAV under complex environment.},
  journal = {IJCSA},
  year    = {2007},
  volume  = {4},
  number  = {3},
  pages   = {57--68},
}

@InProceedings{singh2001trajectory,
  author       = {Singh, Leena and Fuller, James},
  title        = {Trajectory generation for a UAV in urban terrain, using nonlinear MPC},
  booktitle    = {American Control Conference, 2001. Proceedings of the 2001},
  year         = {2001},
  volume       = {3},
  pages        = {2301--2308},
  organization = {IEEE},
}

@Article{hull1997conversion,
  author  = {Hull, David G},
  title   = {Conversion of optimal control problems into parameter optimization problems},
  journal = {Journal of Guidance, Control, and Dynamics},
  year    = {1997},
  volume  = {20},
  number  = {1},
  pages   = {57--60},
}

@Book{hentenryck2009constraint,
  title     = {Constraint-based local search},
  publisher = {The MIT press},
  year      = {2009},
  author    = {Hentenryck, Pascal Van and Michel, Laurent},
}

@Article{grefenstette1986optimization,
  author    = {Grefenstette, John J},
  title     = {Optimization of control parameters for genetic algorithms},
  journal   = {IEEE Transactions on systems, man, and cybernetics},
  year      = {1986},
  volume    = {16},
  number    = {1},
  pages     = {122--128},
  publisher = {IEEE},
}

@Article{korf1985depth,
  author    = {Korf, Richard E},
  title     = {Depth-first iterative-deepening: An optimal admissible tree search},
  journal   = {Artificial intelligence},
  year      = {1985},
  volume    = {27},
  number    = {1},
  pages     = {97--109},
  publisher = {Elsevier},
}

@Misc{pontryagin1962matematicheskaya,
  author    = {Pontryagin, LS and Boltyanskii, VG and Gamkrelidze, RV and Mishchenko, EF},
  title     = {Matematicheskaya teoriya optimalnykh prozessov. Fizmatgiz, Moscow. Translated into English. The Mathematical Theory of Optimal Processes},
  year      = {1962},
  publisher = {John Wiley and Sons (Interscience Publishers), New York},
}

@InProceedings{misra1996integrated,
  author    = {Misra, Pratap N and Abbot, Richard I and Gaposcbkin, EM},
  title     = {Integrated Use of GPS and GLONASS: Transformation between WGS 84 and PZ-90},
  booktitle = {Proceedings of the 9th International Technical Meeting of the Satellite Division of The Institute of Navigation (ION GPS 1996)},
  year      = {1996},
  pages     = {307--314},
}

@InProceedings{blanc2005ekf,
  author       = {Blanc, Christophe and Trassoudaine, Laurent and Gallice, Jean},
  title        = {EKF and particle filter track-to-track fusion: a quantitative comparison from radar/lidar obstacle tracks},
  booktitle    = {Information Fusion, 2005 8th International Conference on},
  year         = {2005},
  volume       = {2},
  pages        = {7--pp},
  organization = {IEEE},
}

@Article{das2009dynamic,
  author    = {Das, A and Subbarao, K and Lewis, F},
  title     = {Dynamic inversion with zero-dynamics stabilisation for quadrotor control},
  journal   = {IET control theory \& applications},
  year      = {2009},
  volume    = {3},
  number    = {3},
  pages     = {303--314},
  publisher = {IET},
}

@Article{wonham1968matrix,
  author    = {Wonham, William M},
  title     = {On a matrix Riccati equation of stochastic control},
  journal   = {SIAM Journal on Control},
  year      = {1968},
  volume    = {6},
  number    = {4},
  pages     = {681--697},
  publisher = {SIAM},
}

@Article{savage1954problem,
  author    = {Savage, J and Pritchard, WH},
  title     = {The problem of rupture of the billet in the continuous casting of steel},
  journal   = {Journal of the Iron and Steel Institute},
  year      = {1954},
  volume    = {178},
  number    = {3},
  pages     = {269--277},
  publisher = {INST MATERIALS 1 CARLTON HOUSE TERRACE, LONDON SW1Y 5DB, ENGLAND},
}

@Misc{blackwell19541954,
  author    = {Blackwell, DAVID and Girshick, M},
  title     = {A.(1954). Theory of Games and Statistical Decisions},
  year      = {1954},
  publisher = {Wiley, New York.(2) Chernoff, H},
}

@Article{meditch1969stochastic,
  author    = {Meditch, James S},
  title     = {Stochastic optimal linear estimation and control},
  year      = {1969},
  publisher = {McGraw-Hill},
}

@Book{kushner1971introduction,
  title     = {Introduction to stochastic control},
  publisher = {Holt, Rinehart and Winston New York},
  year      = {1971},
  author    = {Kushner, Harold Joseph},
}

@Article{kampas2005tricks,
  author  = {Kampas, Frank J},
  title   = {Tricks of using Reduce to solve Kuhn--Tucker equations},
  journal = {Mathematica Journal},
  year    = {2005},
  volume  = {9},
  number  = {4},
  pages   = {686--689},
}

@Misc{re1962applied,
  author    = {RE, BELLMAN and Dreyfus, SE},
  title     = {Applied dynamic programming},
  year      = {1962},
  publisher = {Princeton University Press, Princeton, NJ},
}

@InCollection{wagner1969principles,
  author    = {Wagner, Harvey M},
  title     = {Principles of operations research: with applications to managerial decisions},
  booktitle = {Principles of operations research: with applications to managerial decisions},
  publisher = {Prentice-Hall},
  year      = {1969},
}

@Article{howard1960dynamic,
  author    = {Howard, RA},
  title     = {Dynamic programming and Markov processes},
  year      = {1960},
  publisher = {New York [etc.]:[sn]},
}

@Article{larson1968state,
  author    = {Larson, Robert Edward},
  title     = {State increment dynamic programming},
  year      = {1968},
  publisher = {North-Holland},
}

@Book{aastrom2012introduction,
  title     = {Introduction to stochastic control theory},
  publisher = {Courier Corporation},
  year      = {2012},
  author    = {{\AA}str{\"o}m, Karl J},
}

@Book{bellman2015applied,
  title     = {Applied dynamic programming},
  publisher = {Princeton university press},
  year      = {2015},
  author    = {Bellman, Richard E and Dreyfus, Stuart E},
}

@Article{chen1982receding,
  author    = {Chen, CC and Shaw, L},
  title     = {On receding horizon feedback control},
  journal   = {Automatica},
  year      = {1982},
  volume    = {18},
  number    = {3},
  pages     = {349--352},
  publisher = {Elsevier},
}

@InCollection{chen1998nonlinear,
  author    = {Chen, Hong and Allg{\"o}wer, F},
  title     = {Nonlinear model predictive control schemes with guaranteed stability},
  booktitle = {Nonlinear Model Based Process Control},
  publisher = {Springer},
  year      = {1998},
  pages     = {465--494},
}

@InCollection{lazar2007discrete,
  author    = {Lazar, Mircea and Heemels, WPMH and Bemporad, Alberto and Weiland, Siep},
  title     = {Discrete-time non-smooth nonlinear MPC: Stability and robustness},
  booktitle = {Assessment and Future Directions of Nonlinear Model Predictive Control},
  publisher = {Springer},
  year      = {2007},
  pages     = {93--103},
}

@Article{lazar2009predictive,
  author    = {Lazar, Mircea and Heemels, WPMH},
  title     = {Predictive control of hybrid systems: Input-to-state stability results for sub-optimal solutions},
  journal   = {Automatica},
  year      = {2009},
  volume    = {45},
  number    = {1},
  pages     = {180--185},
  publisher = {Elsevier},
}

@Misc{lazar2006model,
  author  = {Lazar, Mircea},
  title   = {Model predictive control of hybrid systems: Stability and robustness},
  year    = {2006},
  journal = {Dissertation Abstracts International},
  number  = {01},
  volume  = {68},
}

@Article{borrelli2006mpc,
  author    = {Borrelli, Francesco and Bemporad, Alberto and Fodor, Michael and Hrovat, Davor},
  title     = {An MPC/hybrid system approach to traction control},
  journal   = {IEEE Transactions on Control Systems Technology},
  year      = {2006},
  volume    = {14},
  number    = {3},
  pages     = {541--552},
  publisher = {IEEE},
}

@InProceedings{shim2007evasive,
  author       = {Shim, David Hyunchul and Sastry, Shankar},
  title        = {An evasive maneuvering algorithm for UAVs in see-and-avoid situations},
  booktitle    = {American Control Conference, 2007. ACC'07},
  year         = {2007},
  pages        = {3886--3891},
  organization = {IEEE},
}

@Article{wang2007cooperative,
  author    = {Wang, Xiaohua and Yadav, Vivek and Balakrishnan, SN},
  title     = {Cooperative UAV formation flying with obstacle/collision avoidance},
  journal   = {IEEE Transactions on control systems technology},
  year      = {2007},
  volume    = {15},
  number    = {4},
  pages     = {672--679},
  publisher = {IEEE},
}

@InProceedings{mayne1990implementable,
  author       = {Mayne, DQ and Michalska, Hi},
  title        = {An implementable receding horizon controller for stabilization of nonlinear systems},
  booktitle    = {Decision and Control, 1990., Proceedings of the 29th IEEE Conference on},
  year         = {1990},
  pages        = {3396--3397},
  organization = {IEEE},
}

@Article{keerthi1988optimal,
  author    = {Keerthi, SS a and Gilbert, Elmer G},
  title     = {Optimal infinite-horizon feedback laws for a general class of constrained discrete-time systems: Stability and moving-horizon approximations},
  journal   = {Journal of optimization theory and applications},
  year      = {1988},
  volume    = {57},
  number    = {2},
  pages     = {265--293},
  publisher = {Springer},
}

@Book{bitmead1990adaptive,
  title     = {Adaptive optimal control: The thinking man's GPC},
  publisher = {Prentice Hall New York},
  year      = {1990},
  author    = {Bitmead, Robert R and Gevers, Michel and Wertz, Vincent},
}

@Article{magni1997stability,
  author    = {Magni, Lalo and Sepulchre, Rodolphe},
  title     = {Stability margins of nonlinear receding-horizon control via inverse optimality},
  journal   = {Systems \& Control Letters},
  year      = {1997},
  volume    = {32},
  number    = {4},
  pages     = {241--245},
  publisher = {Elsevier},
}

@Article{poubelle1988fake,
  author    = {Poubelle, M-A and Bitmead, Robert R and Gevers, Michel R},
  title     = {Fake algebraic Riccati techniques and stability},
  journal   = {IEEE Transactions on Automatic Control},
  year      = {1988},
  volume    = {33},
  number    = {4},
  pages     = {379--381},
  publisher = {IEEE},
}

@Article{richalet1978model,
  author    = {Richalet, Jacques and Rault, A and Testud, JL and Papon, J},
  title     = {Model predictive heuristic control: Applications to industrial processes},
  journal   = {Automatica},
  year      = {1978},
  volume    = {14},
  number    = {5},
  pages     = {413--428},
  publisher = {Elsevier},
}

@Article{allwright1993min,
  author = {Allwright, JC},
  title  = {On min-max model-based predictive control},
  year   = {1993},
}

@InProceedings{zheng1993robust,
  author       = {Zheng, Zhi Q and Morari, Manfred},
  title        = {Robust stability of constrained model predictive control},
  booktitle    = {American Control Conference, 1993},
  year         = {1993},
  pages        = {379--383},
  organization = {IEEE},
}

@Article{genceli1993robust,
  author    = {Genceli, Hasmet and Nikolaou, Michael},
  title     = {Robust stability analysis of constrained l1-norm model predictive control},
  journal   = {AIChE Journal},
  year      = {1993},
  volume    = {39},
  number    = {12},
  pages     = {1954--1965},
  publisher = {Wiley Online Library},
}

@Article{de1996robustness,
  author    = {De Nicolao, G and Magni, L and Scattolini, R},
  title     = {On the robustness of receding-horizon control with terminal constraints},
  journal   = {IEEE Transactions on Automatic Control},
  year      = {1996},
  volume    = {41},
  number    = {3},
  pages     = {451--453},
  publisher = {IEEE},
}

@Article{michalska1993robust,
  author    = {Michalska, Hanna and Mayne, David Q},
  title     = {Robust receding horizon control of constrained nonlinear systems},
  journal   = {IEEE Transactions on automatic control},
  year      = {1993},
  volume    = {38},
  number    = {11},
  pages     = {1623--1633},
  publisher = {IEEE},
}

@InProceedings{chen1997game,
  author       = {Chen, Hong and Scherer, Carsten W and Allgower, F},
  title        = {A game theoretic approach to nonlinear robust receding horizon control of constrained systems},
  booktitle    = {American Control Conference, 1997. Proceedings of the 1997},
  year         = {1997},
  volume       = {5},
  pages        = {3073--3077},
  organization = {IEEE},
}

@InCollection{de1999robustness,
  author    = {De Nicolao, Giuseppe and Magni, Lalo and Scattolini, Riccardo},
  title     = {Robustness of receding horizon control for nonlinear discrete-time systems},
  booktitle = {Robustness in identification and control},
  publisher = {Springer},
  year      = {1999},
  pages     = {408--421},
}

@Article{badgwell1997robust,
  author    = {Badgwell, Thomas A},
  title     = {Robust model predictive control of stable linear systems},
  journal   = {International journal of control},
  year      = {1997},
  volume    = {68},
  number    = {4},
  pages     = {797--818},
  publisher = {Taylor \& Francis},
}

@InProceedings{muske1993receding,
  author       = {Muske, Kenneth R and Rawlings, James B and Lee, Jay H},
  title        = {Receding horizon recursive state estimation},
  booktitle    = {American Control Conference, 1993},
  year         = {1993},
  pages        = {900--904},
  organization = {IEEE},
}

@PhdThesis{jha2013position,
  author = {Jha, Pankaj Kumar},
  title  = {Position and Heading Control of an Autonomous Underwater Vehicle using Model Predictive Control},
  school = {National Institute of Technology Rourkela},
  year   = {2013},
}

@InProceedings{lee1997stable,
  author       = {Lee, Jay H and Cooley, Brian L},
  title        = {Stable min-max control for state-space systems with bounded input matrix},
  booktitle    = {American Control Conference, 1997. Proceedings of the 1997},
  year         = {1997},
  volume       = {5},
  pages        = {2945--2949},
  organization = {IEEE},
}

@Article{rawlings1994nonlinear,
  author  = {Rawlings, JB and Meadows, ES and Muske, KR},
  title   = {Nonlinear model predictive control: A tutorial and survey},
  journal = {Advanced Control of Chemical Processes},
  year    = {1994},
  pages   = {203--214},
}

@Article{meadows1998feedback,
  author    = {Meadows, Edward S and Badgwell, Thomas A},
  title     = {Feedback through steady-state target optimization for nonlinear model predictive control},
  journal   = {Journal of Vibration and Control},
  year      = {1998},
  volume    = {4},
  number    = {1},
  pages     = {61--74},
  publisher = {Sage Publications Sage CA: Thousand Oaks, CA},
}

@InProceedings{gilbert1994nonlinear,
  author       = {Gilbert, Elmer G and Kolmanovsky, Ilya and Tan, Kok Tin},
  title        = {Nonlinear control of discrete-time linear systems with state and control constraints: A reference governor with global convergence properties},
  booktitle    = {Decision and Control, 1994., Proceedings of the 33rd IEEE Conference on},
  year         = {1994},
  volume       = {1},
  pages        = {144--149},
  organization = {IEEE},
}

@Article{bemporad1997nonlinear,
  author    = {Bemporad, Alberto and Casavola, Alessandro and Mosca, Edoardo},
  title     = {Nonlinear control of constrained linear systems via predictive reference management},
  journal   = {IEEE transactions on Automatic Control},
  year      = {1997},
  volume    = {42},
  number    = {3},
  pages     = {340--349},
  publisher = {IEEE},
}

@Article{bemporad1998fulfilling,
  author    = {Bemporad, Alberto and Mosca, Edoardo},
  title     = {Fulfilling hard constraints in uncertain linear systems by reference managing},
  journal   = {Automatica},
  year      = {1998},
  volume    = {34},
  number    = {4},
  pages     = {451--461},
  publisher = {Elsevier},
}

@Article{rawlings1993stability,
  author    = {Rawlings, James B and Muske, Kenneth R},
  title     = {The stability of constrained receding horizon control},
  journal   = {IEEE transactions on automatic control},
  year      = {1993},
  volume    = {38},
  number    = {10},
  pages     = {1512--1516},
  publisher = {IEEE},
}

@Book{durbin2012time,
  title     = {Time series analysis by state space methods},
  publisher = {OUP Oxford},
  year      = {2012},
  author    = {Durbin, James and Koopman, Siem Jan},
  volume    = {38},
}

@Article{kalman1960contributions,
  author    = {Kalman, Rudolf Emil and others},
  title     = {Contributions to the theory of optimal control},
  journal   = {Bol. Soc. Mat. Mexicana},
  year      = {1960},
  volume    = {5},
  number    = {2},
  pages     = {102--119},
  publisher = {Citeseer},
}

@InProceedings{cutler1980dynamic,
  author    = {Cutler, Charles R and Ramaker, Brian L},
  title     = {Dynamic matrix control?? a computer control algorithm},
  booktitle = {Joint automatic control conference},
  year      = {1980},
  number    = {17},
  pages     = {72},
}

@Article{garcia1986quadratic,
  author    = {Garcia, Carlos E and Morshedi, AM},
  title     = {Quadratic programming solution of dynamic matrix control (QDMC)},
  journal   = {Chemical Engineering Communications},
  year      = {1986},
  volume    = {46},
  number    = {1-3},
  pages     = {73--87},
  publisher = {Taylor \& Francis},
}

@Article{jones1982universal,
  author    = {Jones, James P},
  title     = {Universal diophantine equation},
  journal   = {The journal of symbolic logic},
  year      = {1982},
  volume    = {47},
  number    = {03},
  pages     = {549--571},
  publisher = {Cambridge Univ Press},
}

@Article{peterka1984predictor,
  author    = {Peterka, Vi},
  title     = {Predictor-based self-tuning control},
  journal   = {Automatica},
  year      = {1984},
  volume    = {20},
  number    = {1},
  pages     = {39--50},
  publisher = {Elsevier},
}

@InProceedings{de1985extended,
  author    = {De Keyser, RMC and Van Cauwenberghe, AR},
  title     = {Extended prediction self-adaptive control},
  booktitle = {IFAC Symp. on Identification and System Parameter Estimation},
  year      = {1985},
  pages     = {1255--1260},
}

@Article{clarke1987generalized,
  author    = {Clarke, David W and Mohtadi, C and Tuffs, PS},
  title     = {Generalized predictive control—Part I. The basic algorithm},
  journal   = {Automatica},
  year      = {1987},
  volume    = {23},
  number    = {2},
  pages     = {137--148},
  publisher = {Elsevier},
}

@Article{ramasamy2014next,
  author    = {Ramasamy, Subramanian and Sabatini, Roberto and Gardi, Alessandro and Kistan, Trevor},
  title     = {Next generation flight management system for real-time trajectory based operations},
  journal   = {Applied Mechanics and Materials},
  year      = {2014},
  volume    = {629},
  pages     = {344--349},
  publisher = {Scientific. Net},
}

@Article{chynchenko2016remotely,
  author  = {Chynchenko, Yuriy and Shmelova, Tatyana and Chynchenko, Oksana},
  title   = {Remotely piloted aircraft systems operations under uncertainty conditions},
  journal = {Proceedings of the National Aviation University},
  year    = {2016},
  volume  = {1},
  number  = {1},
  pages   = {18--22},
}

@InProceedings{shmelova2016modeling,
  author       = {Shmelova, T and Bondarev, D and Znakovska, Y},
  title        = {Modeling of the decision making by UAV's operator in emergency situations},
  booktitle    = {Methods and Systems of Navigation and Motion Control (MSNMC), 2016 4th International Conference on},
  year         = {2016},
  volume       = {1},
  pages        = {31--34},
  organization = {IEEE},
}

@Article{kharchenko2017modelling,
  author  = {Kharchenko, Volodymyr and Shmelova, Tatyana and Znakovska, Yevgeniya and Bondarev, Dmitriy and Stratiy, Andriy},
  title   = {Modelling of Decision Making of Unmanned Aerial Vehicle's Operator in Emergency Situations},
  journal = {Proceedings of the National aviation university},
  year    = {2017},
  volume  = {1},
  number  = {1},
  pages   = {20--28},
}

@InProceedings{kim2007uav,
  author       = {Kim, Kwang-Yeon and Park, Jung-Woo and Tahk, Min-Jea},
  title        = {UAV collision avoidance using probabilistic method in 3-D},
  booktitle    = {Control, Automation and Systems, 2007. ICCAS'07. International Conference on},
  year         = {2007},
  pages        = {826--829},
  organization = {IEEE},
}

@Article{vidal2002probabilistic,
  author    = {Vidal, Rene and Shakernia, Omid and Kim, H Jin and Shim, David Hyunchul and Sastry, Shankar},
  title     = {Probabilistic pursuit-evasion games: theory, implementation, and experimental evaluation},
  journal   = {IEEE transactions on robotics and automation},
  year      = {2002},
  volume    = {18},
  number    = {5},
  pages     = {662--669},
  publisher = {IEEE},
}

@Article{pfeiffer2005path,
  author  = {Pfeiffer, Barbara and Batta, Rajan and Klamroth, Kathrin and Nagi, Rakesh},
  title   = {Path planning for UAVs in the presence of threat zones using probabilistic modeling},
  journal = {IEEE Trans. Autom. Control},
  year    = {2005},
  volume  = {43},
  pages   = {278--283},
}

@Article{kothari2013probabilistically,
  author    = {Kothari, Mangal and Postlethwaite, Ian},
  title     = {A probabilistically robust path planning algorithm for UAVs using rapidly-exploring random trees},
  journal   = {Journal of Intelligent \& Robotic Systems},
  year      = {2013},
  pages     = {1--23},
  publisher = {Springer},
}

@InProceedings{blackmore2006probabilistic,
  author       = {Blackmore, Lars and Li, Hui and Williams, Brian},
  title        = {A probabilistic approach to optimal robust path planning with obstacles},
  booktitle    = {American Control Conference, 2006},
  year         = {2006},
  pages        = {7--pp},
  organization = {IEEE},
}

@Article{lavalle2004relationship,
  author    = {LaValle, Steven M and Branicky, Michael S and Lindemann, Stephen R},
  title     = {On the relationship between classical grid search and probabilistic roadmaps},
  journal   = {The International Journal of Robotics Research},
  year      = {2004},
  volume    = {23},
  number    = {7-8},
  pages     = {673--692},
  publisher = {SAGE Publications},
}

@Article{gessel1986probabilistic,
  author    = {Gessel, Ira M},
  title     = {A probabilistic method for lattice path enumeration},
  journal   = {Journal of statistical planning and inference},
  year      = {1986},
  volume    = {14},
  number    = {1},
  pages     = {49--58},
  publisher = {Elsevier},
}

@Article{hirota1981concepts,
  author    = {Hirota, Kaoru},
  title     = {Concepts of probabilistic sets},
  journal   = {Fuzzy sets and systems},
  year      = {1981},
  volume    = {5},
  number    = {1},
  pages     = {31--46},
  publisher = {Elsevier},
}

@Article{hoekstra2002designing,
  author    = {Hoekstra, Jacco M and van Gent, Ronald NHW and Ruigrok, Rob CJ},
  title     = {Designing for safety: the ‘free flight’air traffic management concept},
  journal   = {Reliability Engineering \& System Safety},
  year      = {2002},
  volume    = {75},
  number    = {2},
  pages     = {215--232},
  publisher = {Elsevier},
}

@Book{gustafsson2010statistical,
  title     = {Statistical sensor fusion},
  publisher = {Studentlitteratur,},
  year      = {2010},
  author    = {Gustafsson, Fredrik},
}

@Article{grunewald2002harmonic,
  author    = {Gr{\"u}newald, Stefan},
  title     = {Harmonic trees},
  journal   = {Applied mathematics letters},
  year      = {2002},
  volume    = {15},
  number    = {8},
  pages     = {1001--1004},
  publisher = {Elsevier},
}

@InProceedings{shaw1998using,
  author       = {Shaw, Paul},
  title        = {Using constraint programming and local search methods to solve vehicle routing problems},
  booktitle    = {International Conference on Principles and Practice of Constraint Programming},
  year         = {1998},
  pages        = {417--431},
  organization = {Springer},
}

@InProceedings{berchtold1997cost,
  author       = {Berchtold, Stefan and B{\"o}hm, Christian and Keim, Daniel A and Kriegel, Hans-Peter},
  title        = {A cost model for nearest neighbor search in high-dimensional data space},
  booktitle    = {Proceedings of the sixteenth ACM SIGACT-SIGMOD-SIGART symposium on Principles of database systems},
  year         = {1997},
  pages        = {78--86},
  organization = {ACM},
}

@InCollection{birmingham1988tree,
  author    = {Birmingham, John and Kent, Peter},
  title     = {Tree-searching and tree-pruning techniques},
  booktitle = {Computer chess compendium},
  publisher = {Springer},
  year      = {1988},
  pages     = {123--128},
}

@Article{o1996log,
  author    = {O’Neil, Patrick and Cheng, Edward and Gawlick, Dieter and O’Neil, Elizabeth},
  title     = {The log-structured merge-tree (LSM-tree)},
  journal   = {Acta Informatica},
  year      = {1996},
  volume    = {33},
  number    = {4},
  pages     = {351--385},
  publisher = {Springer},
}

@InProceedings{dias2006mission,
  author       = {Dias, Paulo Sousa and Gomes, Rui MF and Pinto, Jos{\'e}},
  title        = {Mission planning and specification in the Neptus framework},
  booktitle    = {Robotics and Automation, 2006. ICRA 2006. Proceedings 2006 IEEE International Conference on},
  year         = {2006},
  pages        = {3220--3225},
  organization = {IEEE},
}

@InProceedings{dias2005neptus,
  author       = {Dias, Paulo Sousa and Fraga, Sergio Loureiro and Gomes, Rui MF and Goncalves, Gil M and Pereira, Fernando Lobo and Pinto, Jose and Sousa, Joao Borges},
  title        = {Neptus-a framework to support multiple vehicle operation},
  booktitle    = {Oceans 2005-Europe},
  year         = {2005},
  volume       = {2},
  pages        = {963--968},
  organization = {IEEE},
}

@TechReport{alojzgomola2017,
  author      = {Alojz Gomola},
  title       = {Optimal path finding for UAV in partially known enviroment},
  institution = {FEUP},
  year        = {2017},
}

@Article{deutsch1999best,
  author    = {Deutsch, Frank and Li, Wu and Ward, Joseph D},
  title     = {Best approximation from the intersection of a closed convex set and a polyhedron in Hilbert space, weak Slater conditions, and the strong conical hull intersection property},
  journal   = {SIAM Journal on Optimization},
  year      = {1999},
  volume    = {10},
  number    = {1},
  pages     = {252--268},
  publisher = {SIAM},
}

@Article{lawrence1991polytope,
  author  = {Lawrence, Jim},
  title   = {Polytope volume computation},
  journal = {Mathematics of Computation},
  year    = {1991},
  volume  = {57},
  number  = {195},
  pages   = {259--271},
}

@InProceedings{frazzoli2000trajectory,
  author       = {Frazzoli, Emilio and Dahleh, Munther A and Feron, Eric},
  title        = {Trajectory tracking control design for autonomous helicopters using a backstepping algorithm},
  booktitle    = {American Control Conference, 2000. Proceedings of the 2000},
  year         = {2000},
  volume       = {6},
  pages        = {4102--4107},
  organization = {IEEE},
}


@phdthesis{frazzoli2001robust,
  title={Robust hybrid control for autonomous vehicle motion planning},
  author={Frazzoli, Emilio},
  year={2001},
  school={Massachusetts Institute of Technology}
}

@Article{xiong2002multi,
  author    = {Xiong, Ning and Svensson, Per},
  title     = {Multi-sensor management for information fusion: issues and approaches},
  journal   = {Information fusion},
  year      = {2002},
  volume    = {3},
  number    = {2},
  pages     = {163--186},
  publisher = {Elsevier},
}

@Misc{Bodin2007,
  author        = {Bodin, William Kress and Redman, Jesse and Thorson, Derral Charles},
  title         = {Navigating a UAV with obstacle avoidance algorithms},
  month         = jun #{~5},
  year          = {2007},
  note          = {US Patent 7,228,232},
  __markedentry = {[H172461:]},
  publisher     = {Google Patents},
}

@Misc{KennedyJr1995,
  author        = {Kennedy Jr, Thomas W and Fenstermaker, Donald F},
  title         = {Resolution advisory display instrument for TCAS guidance},
  month         = jan #{~17},
  year          = {1995},
  note          = {US Patent 5,382,954},
  __markedentry = {[H172461:]},
  publisher     = {Google Patents},
}

@Misc{Blaskovich2007,
  author        = {Blaskovich, Jon A and McCauley, Stephen G},
  title         = {Declutter of graphical TCAS targets to improve situational awareness},
  month         = dec #{~11},
  year          = {2007},
  note          = {US Patent 7,307,578},
  __markedentry = {[H172461:]},
  publisher     = {Google Patents},
}

@Misc{Bodin2007a,
  author        = {Bodin, William Kress and Redman, Jesse and Thorson, Derral Charles},
  title         = {Navigating a UAV with obstacle avoidance algorithms},
  month         = jun #{~5},
  year          = {2007},
  note          = {US Patent 7,228,232},
  __markedentry = {[H172461:6]},
  publisher     = {Google Patents},
}

@Misc{KennedyJr1995a,
  author        = {Kennedy Jr, Thomas W and Fenstermaker, Donald F},
  title         = {Resolution advisory display instrument for TCAS guidance},
  month         = jan #{~17},
  year          = {1995},
  note          = {US Patent 5,382,954},
  __markedentry = {[H172461:6]},
  publisher     = {Google Patents},
}

@Misc{Blaskovich2007a,
  author        = {Blaskovich, Jon A and McCauley, Stephen G},
  title         = {Declutter of graphical TCAS targets to improve situational awareness},
  month         = dec #{~11},
  year          = {2007},
  note          = {US Patent 7,307,578},
  __markedentry = {[H172461:6]},
  publisher     = {Google Patents},
}

@Article{samelson1958partition,
  author    = {Samelson, Hans and Thrall, Robert M and Wesler, Oscar},
  title     = {A partition theorem for Euclidean n-space},
  journal   = {Proceedings of the American Mathematical Society},
  year      = {1958},
  volume    = {9},
  number    = {5},
  pages     = {805--807},
  publisher = {JSTOR},
}

@Article{bayen2005langrangian,
  author  = {Bayen, Alexandre and Grieder, Pascal and Meyer, George and Tomlin, Claire J},
  title   = {Langrangian delay predictive model for sector-based air traffic flow},
  journal = {Journal of guidance, control, and dynamics},
  year    = {2005},
  volume  = {28},
  number  = {5},
  pages   = {1015--1026},
}

@InProceedings{kopardekar2002dynamic,
  author       = {Kopardekar, Parimal and Magyarits, Sherri},
  title        = {Dynamic density: measuring and predicting sector complexity [ATC]},
  booktitle    = {Digital Avionics Systems Conference, 2002. Proceedings. The 21st},
  year         = {2002},
  volume       = {1},
  pages        = {2C4--2C4},
  organization = {IEEE},
}

@InProceedings{helme1992optimization,
  author       = {Helme, MP and Lindsay, K and Massimini, SV and Booth, G},
  title        = {Optimization of traffic flow to minimize delay in the national airspace system},
  booktitle    = {Control Applications, 1992., First IEEE Conference on},
  year         = {1992},
  pages        = {435--437},
  organization = {IEEE},
}

@Misc{bodin2007navigating,
  author    = {Bodin, William Kress and Redman, Jesse and Thorson, Derral Charles},
  title     = {Navigating a UAV with obstacle avoidance algorithms},
  month     = jun #{~5},
  year      = {2007},
  note      = {US Patent 7,228,232},
  publisher = {Google Patents},
}

@Misc{kennedy1995resolution,
  author    = {Kennedy Jr, Thomas W and Fenstermaker, Donald F},
  title     = {Resolution advisory display instrument for TCAS guidance},
  month     = jan #{~17},
  year      = {1995},
  note      = {US Patent 5,382,954},
  publisher = {Google Patents},
}

@Misc{blaskovich2007declutter,
  author    = {Blaskovich, Jon A and McCauley, Stephen G},
  title     = {Declutter of graphical TCAS targets to improve situational awareness},
  month     = dec #{~11},
  year      = {2007},
  note      = {US Patent 7,307,578},
  publisher = {Google Patents},
}

@Misc{marston2015acas,
  author = {Marston, Mike and Baca, Gabe},
  title  = {ACAS-Xu initial self-separation flight tests},
  year   = {2015},
}

@InCollection{gomola2017probabilistic,
  author    = {Gomola, Alojz and Klang, Pavel and Ludvik, Jan},
  title     = {Probabilistic approach in data fusion for obstacle avoidance framework based on Reach sets},
  booktitle = {Internal publication collection},
  publisher = {Honeywell},
  year      = {2017},
  pages     = {1--93},
}

@Article{Marston2015,
  author = {Marston, Mike and Baca, Gabe},
  title  = {ACAS-Xu initial self-separation flight tests},
  year   = {2015},
}

@Article{Sabatini2014,
  author    = {Sabatini, Roberto and Gardi, Alessandro and Richardson, M},
  title     = {LIDAR obstacle warning and avoidance system for unmanned aircraft},
  journal   = {International Journal of Mechanical, Aerospace, Industrial and Mechatronics Engineering},
  year      = {2014},
  volume    = {8},
  number    = {4},
  pages     = {718--729},
  publisher = {World Academy of Science, Engineering and Technology},
}



@inproceedings{vsantin2011combined,
  title={Combined partial conjugate gradient and gradient projection solver for MPC},
  author={{\v{S}}antin, Ond{\v{r}}ej and Havlena, Vladimir},
  booktitle={Control Applications (CCA), 2011 IEEE International Conference on},
  pages={1270--1275},
  year={2011},
  organization={IEEE}
}

@techreport{pin1990autonomous,
  title={Autonomous trajectory generation for mobile robots with non-holonomic and steering angle constraints},
  author={Pin, Frangois G and Vasseur, Hubert A},
  year={1990},
  institution={Oak Ridge National Lab.}
}

@article{andrzejak2001epileptic,
  title={The epileptic process as nonlinear deterministic dynamics in a stochastic environment: an evaluation on mesial temporal lobe epilepsy},
  author={Andrzejak, Ralph G and Widman, G and Lehnertz, K and Rieke, C and David, P and Elger, CE},
  journal={Epilepsy research},
  volume={44},
  number={2-3},
  pages={129--140},
  year={2001},
  publisher={Elsevier}
}

@article{kuwata2009real,
  title={Real-time motion planning with applications to autonomous urban driving},
  author={Kuwata, Yoshiaki and Teo, Justin and Fiore, Gaston and Karaman, Sertac and Frazzoli, Emilio and How, Jonathan P},
  journal={IEEE Transactions on Control Systems Technology},
  volume={17},
  number={5},
  pages={1105--1118},
  year={2009},
  publisher={IEEE}
}

@inproceedings{gomola2017obstacle,
  title={Obstacle Avoidance Framework Based on Reach Sets},
  author={Gomola, Alojz and de Sousa, Jo{\~a}o Borges and Pereira, Fernando Lobo and Klang, Pavel},
  booktitle={Iberian Robotics conference},
  pages={768--779},
  year={2017},
  organization={Springer}
}

@article{fossen2011mathematical,
  title={Mathematical models for control of aircraft and satellites},
  author={Fossen, Thor I},
  journal={Department of Engineering Cybernetics Norwegian University of Science and Technology},
  year={2011}
}
@Misc{url:kickstarter:lidar,
  author       = {Kickstarter},
  title        = {Low cost LiDAR for UAV},
  howpublished = {\url{https://www.kickstarter.com/projects/scanse/sweep-scanning-lidar/description}},
  year         = {2016 (accessed May 7, 2016)},
}


@Article{ramasamy2016lidar,
  author    = {Ramasamy, Subramanian and Sabatini, Roberto and Gardi, Alessandro and Liu, Jing},
  title     = {LIDAR obstacle warning and avoidance system for unmanned aerial vehicle sense-and-avoid},
  journal   = {Aerospace Science and Technology},
  year      = {2016},
  publisher = {Elsevier},
}

@Misc{arcgis01,
  title        = {ArcGis INC - LiDAR data representation},
  howpublished = {\url{http://desktop.arcgis.com/en/arcmap/10.3/manage-data/raster-and-images/what-is-raster-data.htm}},
  note         = {Accessed: 2016-05-30},
}

@Misc{jarus2016regulations,
  title        = {{JARUS} regulations},
  howpublished = {\url{http://jarus-rpas.org/regulations}},
  note         = {Accessed: 2016-05-30},
}

@InProceedings{ramasamy2014avionics,
  author       = {Ramasamy, Subramanian and Sabatini, Roberto and Gardi, Alessandro},
  title        = {Avionics sensor fusion for small size unmanned aircraft sense-and-avoid},
  booktitle    = {Metrology for Aerospace (MetroAeroSpace), 2014 IEEE},
  year         = {2014},
  pages        = {271--276},
  organization = {IEEE},
}

@InProceedings{gardi2014real,
  author       = {Gardi, Alessandro and Sabatini, Roberto and Ramasamy, Subramanian and Kistan, Trevor},
  title        = {Real-Time Trajectory Optimisation Models for Next Generation Air Traffic Management Systems},
  booktitle    = {Applied Mechanics and Materials},
  year         = {2014},
  volume       = {629},
  pages        = {327--332},
  organization = {Trans Tech Publ},
}

@Misc{allesandeti2016virtualArena,
  title        = {Virtual arena MPC framework for advanced UAV-UAS simulations},
  howpublished = {\url{https://github.com/andreaalessandretti/VirtualArena}},
  note         = {Accessed: 2016-05-30},
}

@Misc{kramer1977gyro,
  author    = {Kramer, Manuel and Dapprich, Douglas J},
  title     = {Gyro stabilized inertial reference system with gimbal lock prevention means},
  month     = oct #{~4},
  year      = {1977},
  note      = {US Patent 4,052,654},
  publisher = {Google Patents},
}

@Article{huerta2013integration,
  author  = {Huerta, Michael},
  title   = {Integration of civil unmanned aircraft systems (UAS) in the national airspace system (NAS) roadmap},
  journal = {Federal Aviation Administration, Retrieved Dec},
  year    = {2013},
  volume  = {19},
  pages   = {2013},
}

@InProceedings{gardi2015automated,
  author       = {Gardi, Alessandro and Sabatini, Roberto and Ramasamy, Subramanian and Marino, Matthew and others},
  title        = {Automated ATM system for 4-dimensional trajectory based operations},
  booktitle    = {AIAC16: 16th Australian International Aerospace Congress},
  year         = {2015},
  pages        = {190},
  organization = {Engineers Australia},
}

@Article{johansenetal2018surveyCommunicaiton,
  author    = {Zolich, Artur and Palma, David and Kansanen, Kimmo and Fjørtoft, Kay and Sousa, João and H. Johansson, Karl and Jiang, Yuming and Dong, Hefeng and Johansen, Tor},
  title     = {Survey on Communication and Networks for Autonomous Marine Systems},
  journal   = {Journal of Intelligent \& Robotic Systems},
  year      = {2018},
  pages     = {tba},
  month     = {04},
  booktitle = {Journal of Intelligent \& Robotic Systems},
}

@Article{nex2014uav,
  author    = {Nex, Francesco and Remondino, Fabio},
  title     = {UAV for 3D mapping applications: a review},
  journal   = {Applied geomatics},
  year      = {2014},
  volume    = {6},
  number    = {1},
  pages     = {1--15},
  publisher = {Springer},
}

@Article{how2008real,
  author    = {How, Jonathan P and BEHIHKE, BRETT and Frank, Adrian and Dale, Daniel and Vian, John},
  title     = {Real-time indoor autonomous vehicle test environment},
  journal   = {IEEE control systems},
  year      = {2008},
  volume    = {28},
  number    = {2},
  pages     = {51--64},
  publisher = {IEEE},
}

@InProceedings{girard2004border,
  author       = {Girard, Anouck R and Howell, Adam S and Hedrick, J Karl},
  title        = {Border patrol and surveillance missions using multiple unmanned air vehicles},
  booktitle    = {Decision and Control, 2004. CDC. 43rd IEEE Conference on},
  year         = {2004},
  volume       = {1},
  pages        = {620--625},
  organization = {IEEE},
}

@InProceedings{andrade2017autonomous,
  author       = {Andrade, Fabio AA and Storvold, Rune and Johansen, Tor Arne},
  title        = {Autonomous UAV surveillance of a ship's path with MPC for maritime situational awareness},
  booktitle    = {Unmanned Aircraft Systems (ICUAS), 2017 International Conference on},
  year         = {2017},
  pages        = {633--639},
  organization = {IEEE},
}

@Article{klausen2017nonlinear,
  author    = {Klausen, Kristian and Fossen, Thor I and Johansen, Tor Arne},
  title     = {Nonlinear control with swing damping of a multirotor UAV with suspended load},
  journal   = {Journal of Intelligent \& Robotic Systems},
  year      = {2017},
  volume    = {88},
  number    = {2-4},
  pages     = {379--394},
  publisher = {Springer},
}

@InProceedings{katz2017reluplex,
  author       = {Katz, Guy and Barrett, Clark and Dill, David L and Julian, Kyle and Kochenderfer, Mykel J},
  title        = {Reluplex: An efficient SMT solver for verifying deep neural networks},
  booktitle    = {International Conference on Computer Aided Verification},
  year         = {2017},
  pages        = {97--117},
  organization = {Springer},
}

@Article{ramasamy2016lidar,
  author    = {Ramasamy, Subramanian and Sabatini, Roberto and Gardi, Alessandro and Liu, Jing},
  title     = {LIDAR obstacle warning and avoidance system for unmanned aerial vehicle sense-and-avoid},
  journal   = {Aerospace Science and Technology},
  year      = {2016},
  volume    = {55},
  pages     = {344--358},
  publisher = {Elsevier},
}

@Article{lee2002collision,
  author    = {Lee, John D and McGehee, Daniel V and Brown, Timothy L and Reyes, Michelle L},
  title     = {Collision warning timing, driver distraction, and driver response to imminent rear-end collisions in a high-fidelity driving simulator},
  journal   = {Human factors},
  year      = {2002},
  volume    = {44},
  number    = {2},
  pages     = {314--334},
  publisher = {Sage Publications Sage CA: Los Angeles, CA},
}

@InProceedings{miller2002adaptive,
  author       = {Miller, Ronald and Huang, Qingfeng},
  title        = {An adaptive peer-to-peer collision warning system},
  booktitle    = {Vehicular technology conference, 2002. VTC Spring 2002. IEEE 55th},
  year         = {2002},
  volume       = {1},
  pages        = {317--321},
  organization = {IEEE},
}

@InProceedings{thomas2005effects,
  author       = {Thomas, Lisa C and Wickens, Christopher D and Savoy, IL},
  title        = {Effects of CDTI display dimensionality and conflict geometry on conflict resolution performance},
  booktitle    = {Proceedings of the 13th International Symposium on Aviation Psychology},
  year         = {2005},
  organization = {Citeseer},
}

@InProceedings{williams1983self,
  author       = {Williams, David H},
  title        = {Self-separation in terminal areas using CDTI},
  booktitle    = {Proceedings of the Human Factors Society Annual Meeting},
  year         = {1983},
  volume       = {27},
  number       = {9},
  pages        = {772--776},
  organization = {Sage Publications Sage CA: Los Angeles, CA},
}

@Article{rutledge2006nomads,
  author  = {Rutledge, Glenn K and Alpert, Jordan and Ebisuzaki, Wesley},
  title   = {NOMADS: A climate and weather model archive at the National Oceanic and Atmospheric Administration},
  journal = {Bulletin of the American Meteorological Society},
  year    = {2006},
  volume  = {87},
  number  = {3},
  pages   = {327--341},
}

@Article{velden1997upper,
  author  = {Velden, Christopher S and Hayden, Christopher M and Nieman, Steven J and Menzel, W Paul and Wanzong, Steven and Goerss, James S},
  title   = {Upper-tropospheric winds derived from geostationary satellite water vapor observations},
  journal = {Bulletin of the American Meteorological Society},
  year    = {1997},
  volume  = {78},
  number  = {2},
  pages   = {173--195},
}

@Article{koetse2009impact,
  author    = {Koetse, Mark J and Rietveld, Piet},
  title     = {The impact of climate change and weather on transport: An overview of empirical findings},
  journal   = {Transportation Research Part D: Transport and Environment},
  year      = {2009},
  volume    = {14},
  number    = {3},
  pages     = {205--221},
  publisher = {Elsevier},
}

@Article{thompson2017numerical,
  author  = {Thompson, Gregory and Politovich, Marcia K and Rasmussen, Roy M},
  title   = {A Numerical Weather Model’s Ability to Predict Characteristics of Aircraft Icing Environments},
  journal = {Weather and Forecasting},
  year    = {2017},
  volume  = {32},
  number  = {1},
  pages   = {207--221},
}

@Article{smith2016multi,
  author  = {Smith, Travis M and Lakshmanan, Valliappa and Stumpf, Gregory J and Ortega, Kiel L and Hondl, Kurt and Cooper, Karen and Calhoun, Kristin M and Kingfield, Darrel M and Manross, Kevin L and Toomey, Robert and others},
  title   = {Multi-Radar Multi-Sensor (MRMS) severe weather and aviation products: Initial operating capabilities},
  journal = {Bulletin of the American Meteorological Society},
  year    = {2016},
  volume  = {97},
  number  = {9},
  pages   = {1617--1630},
}

@Article{yamashita2015climate,
  author  = {Yamashita, Hiroshi and Grewe, Volker and J{\"o}ckel, Patrick and Linke, Florian and Schaefer, M and Sasaki, D},
  title   = {Climate impact assessment of routing strategies: Interactive air traffic in a climate model},
  journal = {Climate Proceedings},
  year    = {2015},
}

@Article{gerdes2016dynamic,
  author  = {Gerdes, Ingrid and Temme, Annette and Schultz, Michael},
  title   = {Dynamic airspace sectorization using controller task load},
  journal = {Sixth SESAR Innovation Days},
  year    = {2016},
}

@InProceedings{gardi2014real,
  author       = {Gardi, Alessandro and Sabatini, Roberto and Ramasamy, Subramanian and Kistan, Trevor},
  title        = {Real-time trajectory optimisation models for next generation air traffic management systems},
  booktitle    = {Applied Mechanics and Materials},
  year         = {2014},
  volume       = {629},
  pages        = {327--332},
  organization = {Trans Tech Publ},
}

@Article{ghosal1995dynamic,
  author    = {Ghosal, Sandip and Lund, Thomas S and Moin, Parviz and Akselvoll, Knut},
  title     = {A dynamic localization model for large-eddy simulation of turbulent flows},
  journal   = {Journal of Fluid Mechanics},
  year      = {1995},
  volume    = {286},
  pages     = {229--255},
  publisher = {Cambridge University Press},
}

@InProceedings{balaban2017dynamic,
  author    = {Balaban, Edward and Roychoudhury, Indranil and Spirkovska, Lilly and Sankararaman, Shankar and Kulkarni, Chetan S and Daigle, Matthew},
  title     = {Dynamic Routing of Aircraft in Presence of Adverse Weather Using a POMDP Framework},
  booktitle = {17th AIAA Aviation Technology, Integration, and Operations Conference},
  year      = {2017},
  pages     = {3429},
}

@InCollection{valavanis2015uav,
  author    = {Valavanis, Kimon P and Vachtsevanos, George J},
  title     = {UAV Sense, Detect and Avoid: Introduction},
  booktitle = {Handbook of Unmanned Aerial Vehicles},
  publisher = {Springer},
  year      = {2015},
  pages     = {1813--1816},
}

@Book{united1983pilots,
  title     = {Pilots' Role in Collision Avoidance},
  publisher = {US Department of Transportation, Federal Aviation Administration},
  year      = {1983},
  author    = {United States. Federal Aviation Administration},
  number    = {48},
  series    = {1},
}

@InCollection{welzl1991smallest,
  author    = {Welzl, Emo},
  title     = {Smallest enclosing disks (balls and ellipsoids)},
  booktitle = {New results and new trends in computer science},
  publisher = {Springer},
  year      = {1991},
  pages     = {359--370},
}


@article{blanchini1999set,
  title={Set invariance in control},
  author={Blanchini, Franco},
  journal={Automatica},
  volume={35},
  number={11},
  pages={1747--1767},
  year={1999},
  publisher={Elsevier}
}
@Comment{jabref-meta: databaseType:bibtex;}


@inproceedings{plaisant2002spacetree,
  title={Spacetree: Supporting exploration in large node link tree, design evolution and empirical evaluation},
  author={Plaisant, Catherine and Grosjean, Jesse and Bederson, Benjamin B},
  booktitle={Information Visualization, 2002. INFOVIS 2002. IEEE Symposium on},
  pages={57--64},
  year={2002},
  organization={IEEE}
}

@article{mingers1989empirical,
  title={An empirical comparison of pruning methods for decision tree induction},
  author={Mingers, John},
  journal={Machine learning},
  volume={4},
  number={2},
  pages={227--243},
  year={1989},
  publisher={Springer}
}


@inproceedings{goerzen2009survey,
  title={A survey of motion planning algorithms from the perspective of autonomous UAV guidance},
  author={Goerzen, Chad and Kong, Zhaodan and Mettler, Bernard},
  booktitle={Selected papers from the 2nd International Symposium on UAVs, Reno, Nevada, USA June 8--10, 2009},
  pages={65--100},
  year={2009},
  organization={Springer}
}

@inproceedings{julian2016policy,
  title={Policy compression for aircraft collision avoidance systems},
  author={Julian, Kyle D and Lopez, Jessica and Brush, Jeffrey S and Owen, Michael P and Kochenderfer, Mykel J},
  booktitle={Digital Avionics Systems Conference (DASC), 2016 IEEE/AIAA 35th},
  pages={1--10},
  year={2016},
  organization={IEEE}
}

@article{shively2018uas,
  title={UAS Integration in the NAS: Detect and Avoid},
  author={Shively, Jay},
  year={2018}
}


@inproceedings{ljungqvist2017lattice,
  title={Lattice-based Motion Planning for a General 2-trailer system},
  author={Ljungqvist, Oskar and Evestedt, Niclas and Cirillo, Marcello and Axehill, Daniel and Holmer, Olov},
  booktitle={Intelligent Vehicles Symposium (IV), 2017 IEEE},
  pages={819--824},
  year={2017},
  organization={IEEE}
}

@inproceedings{gardi20154,
  title={4 Dimensional trajectory functionalities for air traffic management systems},
  author={Gardi, Alessandro and Sabatini, Roberto and Kistan, Trevor and Lim, Yixiang and Ramasamy, Subramanian},
  booktitle={Integrated Communication, Navigation, and Surveillance Conference (ICNS), 2015},
  pages={N3--1},
  year={2015},
  organization={IEEE}
}

@inproceedings{lim2018energy,
  title={ENERGY EFFICIENT 4D TRAJECTORIES FOR TERMINAL DESCENT OPERATIONS},
  author={Lim, Yixiang and Gardi, Alessandro and Sabatini, Roberto},
  booktitle={International Symposium on Sustainable Aviation},
  year={2018}
}

@article{gardi2018multi,
  title={Multi-Objective 4D Trajectory Optimization for Integrated Avionics and Air Traffic Management Systems},
  author={Gardi, Alessandro and Sabatini, Roberto and Kistan, Trevor},
  journal={IEEE Transactions on Aerospace and Electronic Systems},
  year={2018},
  publisher={IEEE}
}

@inproceedings{ljungqvist2016path,
  title={Path following control for a reversing general 2-trailer system},
  author={Ljungqvist, Oskar and Axehill, Daniel and Helmersson, Anders},
  booktitle={Decision and Control (CDC), 2016 IEEE 55th Conference on},
  pages={2455--2461},
  year={2016},
  organization={IEEE}
}

@inproceedings{evestedt2016path,
  title={Path tracking and stabilization for a reversing general 2-trailer configuration using a cascaded control approach},
  author={Evestedt, Niclas and Ljungqvist, Oskar and Axehill, Daniel},
  booktitle={Intelligent Vehicles Symposium (IV), 2016 IEEE},
  pages={1156--1161},
  year={2016},
  organization={IEEE}
}

@article{pivtoraiko2009differentially,
  title={Differentially constrained mobile robot motion planning in state lattices},
  author={Pivtoraiko, Mihail and Knepper, Ross A and Kelly, Alonzo},
  journal={Journal of Field Robotics},
  volume={26},
  number={3},
  pages={308--333},
  year={2009},
  publisher={Wiley Online Library}
}

@article{urmson2008william,
  title={William “Red” Whittaker},
  author={Urmson, Chris and Anhalt, Joshua and Bagnell, Drew and Baker, Christopher and Bittner, Robert and Clark, MN and Dolan, John and Duggins, Dave and Galatali, Tugrul and Geyer, Chris and others},
  journal={Ziv Wolkowicki, Jason Ziglar, Hong Bae, Thomas Brown, Daniel Demitrish, Bakhtiar Litkouhi, Jim Nickolaou, Varsha Sadekar, Wende Zhang, Joshua Struble, Michael Taylor, Michael Darms, Dave Ferguson, Autonomous driving in urban environments: Boss and the Urban Challenge, Journal of Field Robotics},
  volume={25},
  number={8},
  pages={425--466},
  year={2008}
}

@inproceedings{cirillo2017videogames,
  title={From videogames to autonomous trucks: A new algorithm for lattice-based motion planning},
  author={Cirillo, Marcello},
  booktitle={Intelligent Vehicles Symposium (IV), 2017 IEEE},
  pages={148--153},
  year={2017},
  organization={IEEE}
}

@article{houska2011acado,
  title={ACADO toolkit—An open-source framework for automatic control and dynamic optimization},
  author={Houska, Boris and Ferreau, Hans Joachim and Diehl, Moritz},
  journal={Optimal Control Applications and Methods},
  volume={32},
  number={3},
  pages={298--312},
  year={2011},
  publisher={Wiley Online Library}
}

@inproceedings{takahashi1996reasonable,
  title={Reasonable performance in less learning time by real robot based on incremental state space segmentation},
  author={Takahashi, Yasutake and Asada, Minoru and Hosoda, Koh},
  booktitle={Intelligent Robots and Systems' 96, IROS 96, Proceedings of the 1996 IEEE/RSJ International Conference on},
  volume={3},
  pages={1518--1524},
  year={1996},
  organization={IEEE}
}

@inproceedings{ryan2005mode,
  title={A mode-switching path planner for UAV-assisted search and rescue},
  author={Ryan, Allison and Hedrick, J Karl},
  booktitle={Decision and Control, 2005 and 2005 European Control Conference. CDC-ECC'05. 44th IEEE Conference on},
  pages={1471--1476},
  year={2005},
  organization={IEEE}
}

@article{kaminer1998trajectory,
  title={Trajectory tracking for autonomous vehicles: An integrated approach to guidance and control},
  author={Kaminer, Isaac and Pascoal, Antonio and Hallberg, Eric and Silvestre, Carlos},
  journal={Journal of Guidance, Control, and Dynamics},
  volume={21},
  number={1},
  pages={29--38},
  year={1998}
}

@article{murillo2015generalized,
  title={Generalized nonlinear optimal predictive control using iterative state-space trajectories: Applications to autonomous flight of UAVs},
  author={Murillo, Marina H and Limache, Alejandro C and Fredini, Pablo S Rojas and Giovanini, Leonardo L},
  journal={International Journal of Control, Automation and Systems},
  volume={13},
  number={2},
  pages={361--370},
  year={2015},
  publisher={Springer}
}

@inproceedings{richards2004hybrid,
  title={A hybrid A-star automaton approach to on-line path planning with obstacle avoidance},
  author={Richards, Nathan and Sharma, Manu and Ward, David},
  booktitle={AIAA 1st Intelligent Systems Technical Conference},
  pages={6229},
  year={2004}
}

@inproceedings{marconi2009control,
  title={A control framework for robust practical tracking of hybrid automata},
  author={Marconi, Lorenzo and Naldi, Roberto and Gentili, Luca},
  booktitle={Decision and Control, 2009 held jointly with the 2009 28th Chinese Control Conference. CDC/CCC 2009. Proceedings of the 48th IEEE Conference on},
  pages={661--666},
  year={2009},
  organization={IEEE}
}



@inproceedings{dong2011hybrid,
  title={A hybrid approach of virtual force and A* search algorithm for UAV path re-planning},
  author={Dong, Zhuoning and Chen, Zongji and Zhou, Rui and Zhang, Rulin},
  booktitle={Industrial Electronics and Applications (ICIEA), 2011 6th IEEE Conference on},
  pages={1140--1145},
  year={2011},
  organization={IEEE}
}

@article{pappas2000hierarchically,
  title={Hierarchically consistent control systems},
  author={Pappas, George J and Lafferriere, Gerardo and Sastry, Shankar},
  journal={IEEE transactions on automatic control},
  volume={45},
  number={6},
  pages={1144--1160},
  year={2000},
  publisher={IEEE}
}

@article{dubins1957curves,
  title={On curves of minimal length with a constraint on average curvature, and with prescribed initial and terminal positions and tangents},
  author={Dubins, Lester E},
  journal={American Journal of mathematics},
  volume={79},
  number={3},
  pages={497--516},
  year={1957},
  publisher={JSTOR}
}

@article{reeds1990optimal,
  title={Optimal paths for a car that goes both forwards and backwards},
  author={Reeds, James and Shepp, Lawrence},
  journal={Pacific journal of mathematics},
  volume={145},
  number={2},
  pages={367--393},
  year={1990},
  publisher={Mathematical Sciences Publishers}
}

@incollection{soueres1998optimal,
  title={Optimal trajectories for nonholonomic mobile robots},
  author={Sou{\`e}res, Philippe and Boissonnat, J-D},
  booktitle={Robot motion planning and control},
  pages={93--170},
  year={1998},
  publisher={Springer}
}

@article{lavalle1998rapidly,
  title={Rapidly-exploring random trees: A new tool for path planning},
  author={LaValle, Steven M},
  year={1998},
  publisher={Citeseer}
}

@article{sussmann1983lie,
  title={Lie brackets, real analyticity and geometric control},
  author={Sussmann, H{\'e}ctor J},
  journal={Differential geometric control theory},
  volume={27},
  pages={1--116},
  year={1983},
  publisher={Birkhauser Boston}
}

@article{pinto2012implementation,
  title={Implementation of a control architecture for networked vehicle systems},
  author={Pinto, Jos{\'e} and Calado, Pedro and Braga, Jos{\'e} and Dias, Paulo and Martins, Ricardo and Marques, Eduardo and Sousa, JB},
  journal={IFAC Proceedings Volumes},
  volume={45},
  number={5},
  pages={100--105},
  year={2012},
  publisher={Elsevier}
}


@inproceedings{mishra2008maze,
  title={Maze solving algorithms for micro mouse},
  author={Mishra, Swati and Bande, Pankaj},
  booktitle={Signal Image Technology and Internet Based Systems, 2008. SITIS'08. IEEE International Conference on},
  pages={86--93},
  year={2008},
  organization={IEEE}
}